
  <record>
    <controlfield tag="001">15</controlfield>
    <datafield tag="024" ind1="7" ind2=" ">
      <subfield code="2">DOI</subfield>
      <subfield code="a">10.1234/EXAMPLE.HOHP.O0PH</subfield>
    </datafield>
    <datafield tag="100" ind1=" " ind2=" ">
      <subfield code="a">Mc Cauley, Thomas</subfield>
    </datafield>
    <datafield tag="245" ind1=" " ind2=" ">
      <subfield code="a">Event display file derived from /BTau/Run-2010B-Apr21ReReco-v1/AOD</subfield>
    </datafield>
    <datafield tag="260" ind1=" " ind2=" ">
      <subfield code="b">CERN Open Data Portal</subfield>
      <subfield code="c">2014</subfield>
    </datafield>
    <datafield tag="264" ind1=" " ind2="0">
      <subfield code="c">2010</subfield>
    </datafield>
    <datafield tag="269" ind1=" " ind2=" ">
      <subfield code="c">2012</subfield>
    </datafield>
    <datafield tag="500" ind1=" " ind2=" ">
      <subfield code="a">Issues and limitations go here due to the lack of a better field.</subfield>
    </datafield>   
    <datafield tag="520" ind1=" " ind2=" ">
      <subfield code="a">The collaboration approved 2000 dimuon events around the J/psi for use in elabs and masterclasses. This document contains the necessary ig, csv, and root files for these use-cases.</subfield>
    </datafield>
    <datafield tag="538" ind1=" " ind2=" ">
      <subfield code="i">Data was produced using the following code:</subfield>
      <subfield code="u">https://github.com/ayrodrig/pattuples2010</subfield>
      <subfield code="w">105</subfield>
    </datafield>
        <datafield tag="540" ind1=" " ind2=" ">
      <subfield code="a">CC0 license</subfield>
    </datafield>
    <datafield tag="567" ind1=" " ind2=" ">
      <subfield code="a">This data was selected by blah blah</subfield>
    </datafield>
    <datafield tag="583" ind1=" " ind2=" ">
      <subfield code="a">During data taking all the runs recorded by CMS are certified as good for physics analysis if all subdetectors, trigger, lumi and physics objects (tracking, electron, muon, gamma, jet and MET) show the expected performance. Certification is based first on the offline shifters evaluation and later on the feedback provided by detector and Physics Object Group experts. Based on the above information, which is stored in a specific database called Run Registry, the Data Quality Monitoring group verifies the consistency of the certification and prepares a json file of certified runs to be used for physics analysis. For each reprocessing of the raw data, the above mentioned steps are repeated. For more information see:</subfield>
      <subfield code="u">http://iopscience.iop.org/1742-6596/219/7/072020/pdf/1742-6596_219_7_072020.pdf</subfield>
      <subfield code="u">https://cds.cern.ch/record/1631039/files/CR2013_418.pdf</subfield>
      <subfield code="u">http://iopscience.iop.org/1742-6596/513/3/032024/pdf/1742-6596_513_3_032024.pdf</subfield>
    </datafield>
    <datafield tag="653" ind1="1" ind2=" ">
      <subfield code="9">CMS</subfield>
      <subfield code="a">masterclass</subfield>
    </datafield>
    <datafield tag="653" ind1="1" ind2=" ">
      <subfield code="9">CMS</subfield>
      <subfield code="a">elab</subfield>
    </datafield>
    <datafield tag="772" ind1=" " ind2=" ">
      <subfield code="a">/BTau/Run-2010B-Apr21ReReco-v1/AOD</subfield>
      <subfield code="o">10.1234/EXAMPLE.VOMA.I3AE</subfield>
      <subfield code="w">1</subfield>
    </datafield>
     <datafield tag="774" ind1=" " ind2=" ">
      <subfield code="a">For instructions on how to (re)use this data, please consult the following documentation:</subfield>
      <subfield code="u">http://opendata.cern.ch/Achintya_s_getting_started.html</subfield>
    </datafield>
    <datafield tag="980" ind1=" " ind2=" ">
      <subfield code="a">CMSDERIVEDDATASET</subfield>
    </datafield>
  </record>